<record xmlns="http://www.loc.gov/MARC21/slim" xmlns:xsi="http://www.w3.org/2001/XMLSchema-instance" xsi:schemaLocation="http://www.loc.gov/MARC21/slim http://www.loc.gov/standards/marcxml/schema/MARC21slim.xsd"><leader>00688cz   2200181n  4500</leader><controlfield tag="001">oca01439721 </controlfield><controlfield tag="005">20040106091026.0</controlfield><controlfield tag="008">851101n| acannaab           |a aaa      </controlfield><datafield ind1=" " ind2=" " tag="010"><subfield code="a">n  85148658 </subfield></datafield><datafield ind1=" " ind2=" " tag="040"><subfield code="a">DLC</subfield><subfield code="b">eng</subfield><subfield code="c">DLC</subfield><subfield code="d">DLC</subfield></datafield><datafield ind1="0" ind2=" " tag="100"><subfield code="a">Alcman</subfield></datafield><datafield ind1="0" ind2=" " tag="400"><subfield code="a">Alkman</subfield></datafield><datafield ind1="0" ind2=" " tag="400"><subfield code="a">Alcmane</subfield></datafield><datafield ind1=" " ind2=" " tag="670"><subfield code="a">Calame, C. Alcman, 1983:</subfield><subfield code="b">t.p. (Alcman)</subfield></datafield><datafield ind1=" " ind2=" " tag="670"><subfield code="a">LC data base 10-29-85</subfield><subfield code="b">(hdg.: Alcman; usage: Alkman)</subfield></datafield><datafield ind1=" " ind2=" " tag="670"><subfield code="a">Enc. Brit., micro., 1978</subfield><subfield code="b">(Alcman; fl. late 7th cent. BC; Greek poet of Sardis in Lydia; migrated to Sparta)</subfield></datafield><datafield ind1=" " ind2=" " tag="670"><subfield code="a">I temi e i motivi della lirica corale ellenica, 1997:</subfield><subfield code="b">t.p. (Alcmane)</subfield></datafield><datafield ind1=" " ind2=" " tag="670"><subfield code="a">Ḳol ha-ḳore ha-tsalul, c1999:</subfield><subfield code="b">t.p. (Alḳman; Alkman [in rom.])</subfield></datafield></record>